@article{Duez_IGM,
  title = {Relativistic magnetohydrodynamics in dynamical spacetimes: Numerical methods and tests},
  author = {Duez, Matthew D. and Liu, Yuk Tung and Shapiro, Stuart L. and Stephens, Branson C.},
  journal = {Phys. Rev. D},
  volume = {72},
  issue = {2},
  pages = {024028},
  numpages = {21},
  year = {2005},
  month = {Jul},
  publisher = {American Physical Society},
  doi = {10.1103/PhysRevD.72.024028},
  url = {https://link.aps.org/doi/10.1103/PhysRevD.72.024028}
}

@article{Etienne_IGM,
  doi = {10.1088/0264-9381/32/17/175009},
  url = {https://dx.doi.org/10.1088/0264-9381/32/17/175009},
  year = {2015},
  month = {aug},
  publisher = {IOP Publishing},
  volume = {32},
  number = {17},
  pages = {175009},
  author = {Zachariah B Etienne and Vasileios Paschalidis and Roland Haas and Philipp Mösta and Stuart L Shapiro},
  title = {{IllinoisGRMHD}: an open-source, user-friendly {GRMHD} code for dynamical spacetimes},
  journal = {Classical and Quantum Gravity}
}

@article{Werneck_IGM,
  author = "Werneck, Leonardo R. and others",
  title = "{Addition of tabulated equation of state and neutrino leakage support to {IllinoisGRMHD}}",
  eprint = "2208.14487",
  archivePrefix = "arXiv",
  primaryClass = "gr-qc",
  doi = "10.1103/PhysRevD.107.044037",
  journal = "Phys. Rev. D",
  volume = "107",
  number = "4",
  pages = "044037",
  year = "2023"
}

@article{HARM,
  doi = {10.1086/374594},
  url = {https://dx.doi.org/10.1086/374594},
  year = {2003},
  month = {may},
  publisher = {},
  volume = {589},
  number = {1},
  pages = {444},
  author = {Charles F. Gammie and Jonathan C. McKinney and G\'abor T\'oth},
  title = {HARM: A Numerical Scheme for General Relativistic Magnetohydrodynamics},
  journal = {The Astrophysical Journal}
}

@article{Siegel_2018_code,
  doi = {10.3847/1538-4357/aabcc5},
  url = {https://dx.doi.org/10.3847/1538-4357/aabcc5},
  year = {2018},
  month = {may},
  publisher = {The American Astronomical Society},
  volume = {859},
  number = {1},
  pages = {71},
  author = {Siegel, Daniel M. and Mösta, Philipp and Desai, Dhruv and Wu, Samantha},
  title = {Recovery Schemes for Primitive Variables in General-relativistic Magnetohydrodynamics},
  journal = {The Astrophysical Journal},
}

@software{siegel_2018,
  author = {Siegel, Daniel M. and Mi\"osta, Philipp},
  title = {{GRMHD\_con2prim}: a framework for the recovery of primitive variables
           in general-relativistic magnetohydrodynamics},
  month = apr,
  year = 2018,
  publisher = {Zenodo},
  doi = {10.5281/zenodo.1213306},
  url = {https://doi.org/10.5281/zenodo.1213306},
}

@article{GRHydro,
  doi = {10.1088/0264-9381/31/1/015005},
  url = {https://dx.doi.org/10.1088/0264-9381/31/1/015005},
  year = {2013},
  month = {nov},
  publisher = {IOP Publishing},
  volume = {31},
  number = {1},
  pages = {015005},
  author = {Philipp M\"{o}sta and Bruno C Mundim and Joshua A Faber and Roland Haas and Scott C Noble and Tanja Bode and Frank L\"{o}ffler and Christian D Ott and Christian Reisswig and Erik Schnetter},
  title = {{GRHydro}: a new open-source general-relativistic magnetohydrodynamics code for the {Einstein Toolkit}},
  journal = {Classical and Quantum Gravity}
}

@article{Colella_1984,
  title = {The Piecewise Parabolic Method (PPM) for gas-dynamical simulations},
  journal = {Journal of Computational Physics},
  volume = {54},
  number = {1},
  pages = {174-201},
  year = {1984},
  issn = {0021-9991},
  doi = {https://doi.org/10.1016/0021-9991(84)90143-8},
  url = {https://www.sciencedirect.com/science/article/pii/0021999184901438},
  author = {Phillip Colella and Paul R Woodward}
}

@article{Marti_1996,
  title = {Extension of the Piecewise Parabolic Method to One-Dimensional Relativistic Hydrodynamics},
  journal = {Journal of Computational Physics},
  volume = {123},
  number = {1},
  pages = {1-14},
  year = {1996},
  issn = {0021-9991},
  doi = {https://doi.org/10.1006/jcph.1996.0001},
  url = {https://www.sciencedirect.com/science/article/pii/S0021999196900017},
  author = {Jos\'{e} M Mart\'{i} and Ewald M\"{u}ller}
}

@article{Font_2000,
  title = {Three-dimensional numerical general relativistic hydrodynamics: Formulations, methods, and code tests},
  author = {Font, Jos\'e A. and Miller, Mark and Suen, Wai-Mo and Tobias, Malcolm},
  journal = {Phys. Rev. D},
  volume = {61},
  issue = {4},
  pages = {044011},
  numpages = {26},
  year = {2000},
  month = {Jan},
  publisher = {American Physical Society},
  doi = {10.1103/PhysRevD.61.044011},
  url = {https://link.aps.org/doi/10.1103/PhysRevD.61.044011}
}

@article{DelZanna_2003,
  author = {{Del Zanna, L.} and {Bucciantini, N.} and {Londrillo, P.}},
  title = {An efficient shock-capturing central-type scheme for multidimensional relativistic flows - II. Magnetohydrodynamics},
  DOI= "10.1051/0004-6361:20021641",
  url= "https://doi.org/10.1051/0004-6361:20021641",
  journal = {A\&A},
  year = 2003,
  volume = 400,
  number = 2,
  pages = "397-413",
}

@article{Noble_2006,
  doi = {10.1086/500349},
  url = {https://dx.doi.org/10.1086/500349},
  year = {2006},
  month = {apr},
  publisher = {},
  volume = {641},
  number = {1},
  pages = {626},
  author = {Scott C. Noble and Charles F. Gammie and Jonathan C. McKinney and Luca Del Zanna},
  title = {Primitive Variable Solvers for Conservative General Relativistic Magnetohydrodynamics},
  journal = {The Astrophysical Journal},
}

@article{Faber_2007,
  title = {Relativistic hydrodynamics in the presence of puncture black holes},
  author = {Faber, Joshua A. and Baumgarte, Thomas W. and Etienne, Zachariah B. and Shapiro, Stuart L. and Taniguchi, Keisuke},
  journal = {Phys. Rev. D},
  volume = {76},
  issue = {10},
  pages = {104021},
  numpages = {21},
  year = {2007},
  month = {Nov},
  publisher = {American Physical Society},
  doi = {10.1103/PhysRevD.76.104021},
  url = {https://link.aps.org/doi/10.1103/PhysRevD.76.104021}
}

@article{Etienne_2012,
  title = {General relativistic simulations of black-hole--neutron-star mergers: Effects of magnetic fields},
  author = {Etienne, Zachariah B. and Liu, Yuk Tung and Paschalidis, Vasileios and Shapiro, Stuart L.},
  journal = {Phys. Rev. D},
  volume = {85},
  issue = {6},
  pages = {064029},
  numpages = {30},
  year = {2012},
  month = {Mar},
  publisher = {American Physical Society},
  doi = {10.1103/PhysRevD.85.064029},
  url = {https://link.aps.org/doi/10.1103/PhysRevD.85.064029}
}
